@article{halmos1982graduate,
  title     = {Graduate Texts in Mathematics 84},
  author    = {Halmos, FW Gehring PR},
  year      = {1982},
  publisher = {Springer}
}
@book{silverman2009arithmetic,
  title     = {The arithmetic of elliptic curves},
  author    = {Silverman, Joseph H},
  volume    = {106},
  year      = {2009},
  publisher = {Springer}
}

@book{silverman1992rational,
  title     = {Rational points on elliptic curves},
  author    = {Silverman, Joseph H and Tate, John Torrence},
  volume    = {9},
  year      = {1992},
  publisher = {Springer}
}