%1
@article{abreu2010adjacency,
  title     = {Adjacency matrices of polarity graphs and of other c 4-free graphs of large size},
  author    = {Abreu, Marien and Balbuena, Camino and Labbate, Domenico},
  journal   = {Designs, Codes and Cryptography},
  volume    = {55},
  number    = {2},
  pages     = {221--233},
  year      = {2010},
  publisher = {Springer}
}
%2
@article{bachraty2014polarity,
  title   = {Polarity graphs revisited},
  author  = {Bachrat{\`y}, Martin and {\v{S}}ir{\'a}{\v{n}}, Jozef},
  journal = {Ars Mathematica Contemporanea},
  volume  = {8},
  number  = {1},
  pages   = {55--67},
  year    = {2014}
}
%3
@article{brown1966graphs,
  title     = {On graphs that do not contain a Thomsen graph},
  author    = {Brown, William G},
  journal   = {Canadian Mathematical Bulletin},
  volume    = {9},
  number    = {3},
  pages     = {281--285},
  year      = {1966},
  publisher = {Cambridge University Press}
}
%4
@article{van2003graphs,
  title     = {Which graphs are determined by their spectrum?},
  author    = {Van Dam, Edwin R and Haemers, Willem H},
  journal   = {Linear Algebra and its applications},
  volume    = {373},
  pages     = {241--272},
  year      = {2003},
  publisher = {Elsevier}
}
%5
@book{dembowski1968finite,
  title     = {Finite geometries},
  author    = {Dembowski, Peter and others},
  volume    = {44},
  year      = {1968},
  publisher = {Springer Science \& Business Media}
}
%6
@article{renyi1problem,
  title   = {On a problem of graph theory},
  author  = {R{\'e}nyi, A and S{\'o}s, V},
  journal = {Studia Sci. Math. Hungar},
  volume  = {1},
  pages   = {215--235}
}
%7
@article{firke2013extremal,
  title     = {Extremal graphs without 4-cycles},
  author    = {Firke, Frank A and Kosek, Peter M and Nash, Evan D and Williford, Jason},
  journal   = {Journal of Combinatorial Theory, Series B},
  volume    = {103},
  number    = {3},
  pages     = {327--336},
  year      = {2013},
  publisher = {Elsevier}
}
%8
@article{furedi1994quadrilateral,
  title   = {Quadrilateral-free graphs with maximum number of edges},
  author  = {F{\"u}redi, Zolt{\'a}n},
  journal = {preprint},
  year    = {1994}
}
%9
@article{furedi1996number,
  title     = {On the number of edges of quadrilateral-free graphs},
  author    = {F{\"u}redi, Zolt{\'a}n},
  journal   = {Journal of Combinatorial Theory, Series B},
  volume    = {68},
  number    = {1},
  pages     = {1--6},
  year      = {1996},
  publisher = {Elsevier}
}
%10
@incollection{furedi2013history,
  title     = {The history of degenerate (bipartite) extremal graph problems},
  author    = {F{\"u}redi, Zolt{\'a}n and Simonovits, Mikl{\'o}s},
  booktitle = {Erd{\H{o}}s Centennial},
  pages     = {169--264},
  year      = {2013},
  publisher = {Springer}
}
%11
@book{hirschfeld1998projective,
  title     = {Projective geometries over finite fields. Oxford Mathematical Monographs},
  author    = {Hirschfeld, JWP},
  year      = {1998},
  publisher = {Oxford University Press New York}
}
%12
@inproceedings{kHovari1954problem,
  title        = {On a problem of Zarankiewicz},
  author       = {K{\H{o}}v{\'a}ri, P and T S{\'o}s, Vera and Tur{\'a}n, P{\'a}l},
  booktitle    = {Colloquium Mathematicum},
  volume       = {3},
  pages        = {50--57},
  year         = {1954},
  organization = {Polska Akademia Nauk}
}
%13
@article{tait2013sidon,
  title   = {Sidon sets and graphs without 4-cycles},
  author  = {Tait, Michael and Timmons, Craig},
  journal = {arXiv preprint arXiv:1309.6350},
  year    = {2013}
}