
  \bibitem{abl}
  M.\ Abreu, C.\ Balbuena, D.\ Labbate,
  {\em Adjacency matrices of polarity graphs and other $C_4$-free graphs of large size},
  Des.\ Codes Cryptogr.\ (2010), 55, 221-233.

  %\bibitem{as}
  %N.\ Alon, J.\ Spencer,
  %{\em The Probabilistic Method}, 3rd edition, Wiley-Intersciences Series in Discrete Mathematics and Optimization, John Wiley \& Sons Inc., Hoboken, NJ, 2008.

  \bibitem{bs}
  M.\ Bachrat\'{y}, J.\ \v{S}ir\'{a}\v{n},
  {\em Polarity graphs revisited},
  Ars Mathematica Contemporanea 8 (2015), 55-67.

  \bibitem{b}
  W.\ G.\ Brown,
  {\em On graphs that do not contain a Thomsen graph},
  Canada Math.\ Bull.\ {\bf 9} (1966), 281-289.

  \bibitem{haemers}
  E.\ R.\ van Dam, W.\ H.\ Haemers,
  {\em Which graphs are determined by their spectrum?},
  Linear Algebra and its Applications 373 (2003), 241-272.

  \bibitem{demb}
  P.\ Dembowski,
  {\em Finite Geometries},
  Springer-Verlag Berlin Heidelberg 1968, Germany.

  \bibitem{ers}
  P.\ Erd\H{o}s, A.\ R\'{e}nyi, V.\ T.\ S\'{o}s,
  {\em On a problem of graph theory},
  Studia Sci.\ Math.\ Hungar.\ 1 (1966), 215-235.

  \bibitem{fknw}
  F.\ Firke, P.\ Kosek, E.\ Nash, J.\ Williford,
  {\em Extremal graphs without 4-cycles}, Journal of Combinatorial Theory, Series B {\bf 103}, 327-336 (2013).

  %\bibitem{fu1983}
  %Z.\ F\"{u}redi,
  %{\em Graphs without quadrilaterals},
  %Journal of Combinatorial Theory, Series B {\bf 34}, 187-190 (1983).

  \bibitem{fu1994}
  Z.\ F\"{u}redi,
  {\em Quadrilateral-free graphs with maximum number of edges},
  Proceedings of the Japan Workshop on Graph Theory and Combinatorics,
  Keio University, Yokohama, Japan 1994, 13-22.

  \bibitem{fu1996}
  Z.\ F\"{u}redi,
  {\em On the number of edges of quadrilateral-free graphs},
  Journal of Combinatorial Theory, Series B {\bf 68}, 1-6 (1996).

  \bibitem{fs}
  Z.\ F\"{u}redi, M.\ Simonovits,
  {\em The history of degenerate (bipartite) extremal graph problems},
  arXiv:1306.5167

  %\bibitem{gn}
  %C.\ Godsil, M.\ Newman,
  %{\em Eigenvalue bounds for independent sets},
  %J.\ Comb.\ Theory, Series B {\bf 98}, (2008), 721-734.

  \bibitem{hirschfeld}
  J.\ W.\ P.\ Hirschfeld,
  {\em Projective Geometries over Finite Fields}, second edition,
  Clarendon Press, 1998.

  \bibitem{kst}
  T.\ K\H{o}v\'{a}ri, V.\ T.\ S\'{o}s, P.\ Tur\'{a}n,
  {\em On a problem of Zarankiewicz},
  Colloq. Math. {\bf 3} (1954), p. 50-57.

  %
  %\bibitem{mw}
  %D.\ Mubayi, J.\ Williford,
  %{\em On the independence number of the Erd\H{o}s-R\'{e}nyi and Projective Norm Graphs and a related hypergraph},
  %J.\ Graph Theory 56 (2007), no.\ 2, 113-127.
  %
  %\bibitem{reiman}
  %I.\ Reiman,
  %{\em \"{U}ber ein Problem von K.\ Zarankiewicz},
  %(German) Acta.\ Math.\ Acad.\ Sci.\ Hungar.\ {\bf 9} (1958), 269-273.

  \bibitem{tt}
  M.\ Tait, C.\ Timmons,
  {\em Sidon sets and graphs without 4-cycles},
  J.\ of Combinatorics., Vol 5 (2014), Issue 2, 155-165.

